% lang

@online{lang:go,
  title = {The Go Programming Language},
  howpublished = {\url{https://golang.org/}},
  note = {Accessed: 2018-03-31}
}