% classic

@book{db:gray1992transaction,
  title={Transaction processing: concepts and techniques},
  author={Gray, Jim and Reuter, Andreas},
  year={1992},
  publisher={Elsevier}
}