% time series database

% ==== Survey ==== 
@article{db:tsdb:survey:ieee2017,
  title={Time Series Management Systems: A Survey},
  author={Jensen, S{\o}ren Kejser and Pedersen, Torben Bach and Thomsen, Christian},
  journal={IEEE Transactions on Knowledge and Data Engineering},
  volume={29},
  number={11},
  pages={2581--2600},
  year={2017},
  publisher={IEEE}
}

@online{db:tsdb:survey:awesome,
  title = {Awesome Time Series Databases},
  author = {Pinglei Guo},
  howpublished = {\url{https://github.com/xephonhq/awesome-time-series-database}},
  note = {Accessed: 2018-03-31}
}
% ==== /Survey ====

% ==== Benchmark ====
% TSDBBench YCSB-TS
@phdthesis{db:tsdb:bench:tsdbbench,
  title={Comparison of time series databases},
  author={Bader, Andreas},
  year={2016},
  school={Diploma Thesis, Institute of Parallel and Distributed Systems, University of Stuttgart}
}
% ==== /Benchmark ====

% ==== InfluxDB ====
% InfluxDB github repo
% media: github
@online{db:tsdb:influxdb,
  title = {InfluxDB},
  howpublished = {\url{https://github.com/influxdata/influxdb}},
  note = {Accessed: 2018-03-31}
}

% InfluxDB from RocksDB to Time structured merge tree
% media: blog
@online{db:tsdb:influxdb:rocskdb-to-tsm,
  title={The New InfluxDB Storage Engine: Time Structured Merge Tree},
  author = {InfluxData},
  howpublished={\url{https://www.influxdata.com/new-storage-engine-time-structured-merge-tree/}},
  note = {Accessed: 2018-03-31}
}

% TODO: InfluxDB new query language, simplified data model etc.
% ==== /InfluxDB ====

% ==== In Memory ====
@article{db:tsdb:memory:gorilla,
  title={Gorilla: a fast, scalable, in-memory time series database},
  author={Pelkonen, Tuomas and Franklin, Scott and Teller, Justin and Cavallaro, Paul and Huang, Qi and Meza, Justin and Veeraraghavan, Kaushik},
  journal={Proceedings of the VLDB Endowment},
  volume={8},
  number={12},
  pages={1816--1827},
  year={2015},
  publisher={VLDB Endowment}
}
% ==== /In Memory ====

% ==== Cassandra ====
% KairosDB
% media: github
@online{db:tsdb:cassandra:kairosdb,
  title={KairosDB},
  author={Brian Hawkins},
  howpublished={\url{https://github.com/kairosdb/kairosdb}},
  note = {Accessed: 2018-03-31}
}
% ==== /Cassandra ====

% TODO: add other tsdbs

@online{db:tsdb:graphite,
  title={Graphite},
  howpublished={\url{https://graphiteapp.org/}},
  note = {Accessed: 2018-03-31}
}

@online{db:tsdb:akumuli,
  title={Akumuli},
  howpublished={\url{https://github.com/akumuli/Akumuli}},
  note = {Accessed: 2018-03-31}
}

% ==== libtsdb ====
@online{db:tsdb:libtsdb,
  title = {libTSDB},
  howpublished = {\url{https://github.com/libtsdb}},
  note = {Accessed: 2018-03-31}
}
% ==== /libtsdb ====

% ==== xephon ====
% Xephon-K
@online{db:tsdb:xephonk,
  title = {Xephon-K: A multi backend time series database prototype},
  author = {Pinglei Guo},
  howpublished = {\url{https://github.com/xephonhq/xephon-k}},
  note = {Accessed: 2018-03-31}
}
% ==== /xephon ====
