% auto generated by /home/at15/workspace/src/github.com/at15/papers-i-read/script/concat_bib.py DO NOT EDIT

% ==== file: db/_bib/classic.bib ====
% classic

@book{db:gray1992transaction,
  title={Transaction processing: concepts and techniques},
  author={Gray, Jim and Reuter, Andreas},
  year={1992},
  publisher={Elsevier}
}
% ==== /file: db/_bib/classic.bib ====

% ==== file: db/_bib/tsdb.bib ====
% time series database

% ==== Survey ==== 
@article{db:tsdb:survey:ieee2017,
  title={Time Series Management Systems: A Survey},
  author={Jensen, S{\o}ren Kejser and Pedersen, Torben Bach and Thomsen, Christian},
  journal={IEEE Transactions on Knowledge and Data Engineering},
  volume={29},
  number={11},
  pages={2581--2600},
  year={2017},
  publisher={IEEE}
}

@online{db:tsdb:survey:awesome,
  title = {Awesome Time Series Databases},
  author = {Pinglei Guo},
  howpublished = {\url{https://github.com/xephonhq/awesome-time-series-database}},
  note = {Accessed: 2018-03-31}
}
% ==== /Survey ====

% ==== Benchmark ====
% TSDBBench YCSB-TS
@phdthesis{db:tsdb:bench:tsdbbench,
  title={Comparison of time series databases},
  author={Bader, Andreas},
  year={2016},
  school={Diploma Thesis, Institute of Parallel and Distributed Systems, University of Stuttgart}
}
% ==== /Benchmark ====

% ==== InfluxDB ====
% InfluxDB github repo
% media: github
@online{db:tsdb:influxdb,
  title = {InfluxDB},
  howpublished = {\url{https://github.com/influxdata/influxdb}},
  note = {Accessed: 2018-03-31}
}

% InfluxDB from RocksDB to Time structured merge tree
% media: blog
@online{db:tsdb:influxdb:rocskdb-to-tsm,
  title={The New InfluxDB Storage Engine: Time Structured Merge Tree},
  author = {InfluxData},
  howpublished={\url{https://www.influxdata.com/new-storage-engine-time-structured-merge-tree/}},
  note = {Accessed: 2018-03-31}
}

% TODO: InfluxDB new query language, simplified data model etc.
% ==== /InfluxDB ====

% ==== In Memory ====
@article{db:tsdb:memory:gorilla,
  title={Gorilla: a fast, scalable, in-memory time series database},
  author={Pelkonen, Tuomas and Franklin, Scott and Teller, Justin and Cavallaro, Paul and Huang, Qi and Meza, Justin and Veeraraghavan, Kaushik},
  journal={Proceedings of the VLDB Endowment},
  volume={8},
  number={12},
  pages={1816--1827},
  year={2015},
  publisher={VLDB Endowment}
}
% ==== /In Memory ====

% ==== Cassandra ====
% KairosDB
% media: github
@online{db:tsdb:cassandra:kairosdb,
  title={KairosDB},
  author={Brian Hawkins},
  howpublished={\url{https://github.com/kairosdb/kairosdb}},
  note = {Accessed: 2018-03-31}
}
% ==== /Cassandra ====

% TODO: add other tsdbs

% ==== libtsdb ====
@online{db:tsdb:libtsdb,
  title = {libTSDB},
  howpublished = {\url{https://github.com/libtsdb}},
  note = {Accessed: 2018-03-31}
}
% ==== /libtsdb ====

% ==== xephon ====
% Xephon-K
@online{db:tsdb:xephonk,
  title = {Xephon-K: A multi backend time series database prototype},
  author = {Pinglei Guo},
  howpublished = {\url{https://github.com/xephonhq/xephon-k}},
  note = {Accessed: 2018-03-31}
}
% ==== /xephon ====

% ==== /file: db/_bib/tsdb.bib ====

% ==== file: db/_bib/recent_academia.bib ====
% Recent researches

% ==== CMU DB ====
% ottertune 
% github: https://github.com/cmu-db/ottertune
@inproceedings{db:cmu:ottertune,
  title={Automatic database management system tuning through large-scale machine learning},
  author={Van Aken, Dana and Pavlo, Andrew and Gordon, Geoffrey J and Zhang, Bohan},
  booktitle={Proceedings of the 2017 ACM International Conference on Management of Data},
  pages={1009--1024},
  year={2017},
  organization={ACM}
}
% ==== /CMU DB ====
% ==== /file: db/_bib/recent_academia.bib ====

% ==== file: db/_bib/nosql.bib ====
% NoSQL: Column Family, Document etc.

% === Column Family ===
@article{db:cf:cassandra,
  title={Cassandra: a decentralized structured storage system},
  author={Lakshman, Avinash and Malik, Prashant},
  journal={ACM SIGOPS Operating Systems Review},
  volume={44},
  number={2},
  pages={35--40},
  year={2010},
  publisher={ACM}
}

@article{db:cf:bigtable,
  title={Bigtable: A distributed storage system for structured data},
  author={Chang, Fay and Dean, Jeffrey and Ghemawat, Sanjay and Hsieh, Wilson C and Wallach, Deborah A and Burrows, Mike and Chandra, Tushar and Fikes, Andrew and Gruber, Robert E},
  journal={ACM Transactions on Computer Systems (TOCS)},
  volume={26},
  number={2},
  pages={4},
  year={2008},
  publisher={ACM}
}
% === /Column Family ===
% ==== /file: db/_bib/nosql.bib ====

% ==== file: db/_bib/benchmark.bib ====
% Benchmark

@online{db:bench:tpc,
  title = {Transaction Processing Performance Council},
  howpublished = {\url{http://www.tpc.org/}},
  note = {Accessed: 2018-03-31}
}

@online{db:bench:xephonb,
  title = {Xephon-B: A Time series database benchmark suite},
  author = {Pinglei Guo and Zheyuan Chen},
  howpublished = {\url{https://github.com/xephonhq/xephon-b}},
  note = {Accessed: 2018-03-31}
}

% ==== YCSB ====
% YCSB
@inproceedings{db:bench:ycsb,
  title={Benchmarking cloud serving systems with YCSB},
  author={Cooper, Brian F and Silberstein, Adam and Tam, Erwin and Ramakrishnan, Raghu and Sears, Russell},
  booktitle={Proceedings of the 1st ACM symposium on Cloud computing},
  pages={143--154},
  year={2010},
  organization={ACM}
}

% YCSB++
@inproceedings{db:bench:ycsb++,
  title={YCSB++: benchmarking and performance debugging advanced features in scalable table stores},
  author={Patil, Swapnil and Polte, Milo and Ren, Kai and Tantisiriroj, Wittawat and Xiao, Lin and L{\'o}pez, Julio and Gibson, Garth and Fuchs, Adam and Rinaldi, Billie},
  booktitle={Proceedings of the 2nd ACM Symposium on Cloud Computing},
  pages={9},
  year={2011},
  organization={ACM}
}
% ==== /YCSB ====

% ==== Oltpbench ====
% OLTPBench
% github: https://github.com/oltpbenchmark/oltpbench
@article{db:bench:oltpbench,
  title={Oltp-bench: An extensible testbed for benchmarking relational databases},
  author={Difallah, Djellel Eddine and Pavlo, Andrew and Curino, Carlo and Cudre-Mauroux, Philippe},
  journal={Proceedings of the VLDB Endowment},
  volume={7},
  number={4},
  pages={277--288},
  year={2013},
  publisher={VLDB Endowment}
}

@inproceedings{db:bench:oltpbench:benchmpress,
  title={BenchPress: Dynamic Workload Control in the OLTP-Bench Testbed},
  author={Van Aken, Dana and Difallah, Djellel E and Pavlo, Andrew and Curino, Carlo and Cudr{\'e}-Mauroux, Philippe},
  booktitle={Proceedings of the 2015 ACM SIGMOD International Conference on Management of Data},
  pages={1069--1073},
  year={2015},
  organization={ACM}
}
% ==== /Oltpbench ====

% ==== /file: db/_bib/benchmark.bib ====

% ==== file: devops/_bib/provision.bib ====
% Provisioning

@book{devops:provision:ansible,
  title={Ansible: Up and Running: Automating Configuration Management and Deployment the Easy Way},
  author={Hochstein, Lorin and Moser, Rene},
  year={2017},
  publisher={" O'Reilly Media, Inc."}
}

@online{devops:provision:terraform,
  title = {Terraform},
  author = {HashiCorp},
  howpublished = {\url{https://www.terraform.io/}},
  note = {Accessed: 2018-03-31}
}
% ==== /file: devops/_bib/provision.bib ====

% ==== file: devops/_bib/tracing.bib ====
% Tracing
% TODO: might put it in distsys?

@online{devops:tracing:zipkin,
  title = {OpenZipkin tracing},
  howpublished = {\url{https://zipkin.io/}},
  note = {Accessed: 2018-03-31}
}

@online{devops:tracing:jaeger,
  title = {Uber Jaeger tracing},
  howpublished = {\url{https://www.jaegertracing.io/}},
  note = {Accessed: 2018-03-31}
}


% ==== /file: devops/_bib/tracing.bib ====

% ==== file: devops/_bib/ci.bib ====
% Continous Integration

@online{devops:ci:jenkins,
  title = {Jenkins},
  howpublished = {\url{https://jenkins.io/}},
  note = {Accessed: 2018-03-31}
}


@online{devops:ci:travis,
  title = {Travis CI},
  howpublished = {\url{https://travis-ci.org}},
  note = {Accessed: 2018-03-31}
}
% ==== /file: devops/_bib/ci.bib ====

% ==== file: devops/_bib/benchmark.bib ====
% Benchmark

@online{devops:bench:locust,
  title = {Locust},
  howpublished = {\url{https://github.com/locustio/locust}},
  note = {Accessed: 2018-03-31}
}
% ==== /file: devops/_bib/benchmark.bib ====

% ==== file: devops/_bib/container.bib ====
% Container

@online{devops:container:docker-compose,
  title = {Docker Compose},
  author = {Docker Inc.},
  howpublished = {\url{https://github.com/docker/compose}},
  note = {Accessed: 2018-03-31}
}

% ==== Alibaba ====
@online{devops:container:alibaba:pouch,
  title = {Pouch},
  author = {Alibaba},
  howpublished = {\url{https://github.com/alibaba/pouch}},
  note = {Accessed: 2018-03-31}
}

@online{devops:container:alibaba:dragonfly,
  title = {Dragonfly},
  author = {Alibaba},
  howpublished = {\url{https://github.com/alibaba/dragonfly}},
  note = {Accessed: 2018-03-31}
}

% ==== /Alibaba ====

% ==== /file: devops/_bib/container.bib ====

% ==== file: devops/_bib/workflow.bib ====
% Workflow

% common workflow language 
% https://github.com/common-workflow-language/common-workflow-language
@article{devops:workflow:cwl,
  title={Common Workflow Language, v1. 0},
  author={Amstutz, Peter and Crusoe, Michael R and Tijani{\'c}, Neboj{\v{s}}a and Chapman, Brad and Chilton, John and Heuer, Michael and Kartashov, Andrey and Leehr, Dan and M{\'e}nager, Herv{\'e} and Nedeljkovich, Maya and others},
  year={2016}
}

% reflow
% https://github.com/grailbio/reflow
@online{devops:workflow:reflow,
  title = {Reflow},
  author = {GRAIL},
  howpublished = {\url{https://github.com/grailbio/reflow}},
  note = {Accessed: 2018-03-31}
}
% ==== /file: devops/_bib/workflow.bib ====

% ==== file: distsys/_bib/scheduler.bib ====
% Scheduler

% ==== Mesos ====
@inproceedings{distsys:scheduler:mesos,
  title={Mesos: A Platform for Fine-Grained Resource Sharing in the Data Center.},
  author={Hindman, Benjamin and Konwinski, Andy and Zaharia, Matei and Ghodsi, Ali and Joseph, Anthony D and Katz, Randy H and Shenker, Scott and Stoica, Ion},
  booktitle={NSDI},
  volume={11},
  number={2011},
  pages={22--22},
  year={2011}
}
% ==== /Mesos ====

% Yarn
@inproceedings{distsys:scheduler:yarn,
  title={Apache hadoop yarn: Yet another resource negotiator},
  author={Vavilapalli, Vinod Kumar and Murthy, Arun C and Douglas, Chris and Agarwal, Sharad and Konar, Mahadev and Evans, Robert and Graves, Thomas and Lowe, Jason and Shah, Hitesh and Seth, Siddharth and others},
  booktitle={Proceedings of the 4th annual Symposium on Cloud Computing},
  pages={5},
  year={2013},
  organization={ACM}
}

% ==== Kubernetes ====
% https://research.google.com/pubs/pub44843.html
@article{distsys:scheduler:kubernetes,
    title = {Borg, Omega, and Kubernetes},
    author  = {Brendan Burns and Brian Grant and David Oppenheimer and Eric Brewer and John Wilkes},
    year  = {2016},
    URL = {http://queue.acm.org/detail.cfm?id=2898444},
    journal = {ACM Queue},
    pages = {70--93},
    volume  = {14}
}
% ==== /Kubernetes ====
% ==== /file: distsys/_bib/scheduler.bib ====

% ==== file: distsys/_bib/apache.bib ====
% Apache
% stuff that are hard to categorize ...

@online{distsys:apache:arrow,
  title = {Apache Arrow},
  author = {Apache},
  howpublished = {\url{https://arrow.apache.org/}},
  note = {Accessed: 2018-03-31}
}



% ==== /file: distsys/_bib/apache.bib ====

% ==== file: distsys/_bib/consensus.bib ====
% Consensus

@inproceedings{distsys:consensus:zookeeper,
  title={ZooKeeper: Wait-free Coordination for Internet-scale Systems.},
  author={Hunt, Patrick and Konar, Mahadev and Junqueira, Flavio Paiva and Reed, Benjamin},
  booktitle={USENIX annual technical conference},
  volume={8},
  number={9},
  year={2010},
  organization={Boston, MA, USA}
}

@article{distsys:consensus:paxos,
  title={Paxos made simple},
  author={Lamport, Leslie and others},
  journal={ACM Sigact News},
  volume={32},
  number={4},
  pages={18--25},
  year={2001}
}

@inproceedings{distsys:consensus:raft,
  title={In search of an understandable consensus algorithm.},
  author={Ongaro, Diego and Ousterhout, John K},
  booktitle={USENIX Annual Technical Conference},
  pages={305--319},
  year={2014}
}
% ==== /file: distsys/_bib/consensus.bib ====

% ==== file: general/_bib/reproduce.bib ====
% reproduce experiments

@online{general:reproduce:zenodo,
  title = {Zenodo},
  author = {CERN},
  howpublished = {\url{https://zenodo.org/}},
  note = {Accessed: 2018-03-31}
}

% === Popper ===
% Use DevOps tools to make system evaluation reproducible, i.e. Ansible, Docker etc.
@inproceedings{general:reproduce:popper,
  title={The popper convention: Making reproducible systems evaluation practical},
  author={Jimenez, Ivo and Sevilla, Michael and Watkins, Noah and Maltzahn, Carlos and Lofstead, Jay and Mohror, Kathryn and Arpaci-Dusseau, Andrea and Arpaci-Dusseau, Remzi},
  booktitle={Parallel and Distributed Processing Symposium Workshops (IPDPSW), 2017 IEEE International},
  pages={1561--1570},
  year={2017},
  organization={IEEE}
}
% === /Popper ===
% ==== /file: general/_bib/reproduce.bib ====

% ==== file: general/_bib/perf.bib ====
% Performance optimization

@inproceedings{general:perf:google:vizier,
  title={Google vizier: A service for black-box optimization},
  author={Golovin, Daniel and Solnik, Benjamin and Moitra, Subhodeep and Kochanski, Greg and Karro, John and Sculley, D},
  booktitle={Proceedings of the 23rd ACM SIGKDD International Conference on Knowledge Discovery and Data Mining},
  pages={1487--1495},
  year={2017},
  organization={ACM}
}
% ==== /file: general/_bib/perf.bib ====
