% Scheduler

% ==== Mesos ====
@inproceedings{scheduler:mesos,
  title={Mesos: A Platform for Fine-Grained Resource Sharing in the Data Center.},
  author={Hindman, Benjamin and Konwinski, Andy and Zaharia, Matei and Ghodsi, Ali and Joseph, Anthony D and Katz, Randy H and Shenker, Scott and Stoica, Ion},
  booktitle={NSDI},
  volume={11},
  number={2011},
  pages={22--22},
  year={2011}
}
% ==== /Mesos ====

% Yarn
@inproceedings{scheduler:yarn,
  title={Apache hadoop yarn: Yet another resource negotiator},
  author={Vavilapalli, Vinod Kumar and Murthy, Arun C and Douglas, Chris and Agarwal, Sharad and Konar, Mahadev and Evans, Robert and Graves, Thomas and Lowe, Jason and Shah, Hitesh and Seth, Siddharth and others},
  booktitle={Proceedings of the 4th annual Symposium on Cloud Computing},
  pages={5},
  year={2013},
  organization={ACM}
}


% ==== Kubernetes ====
% https://research.google.com/pubs/pub44843.html
@article{scheduler:kubernetes,
    title = {Borg, Omega, and Kubernetes},
    author  = {Brendan Burns and Brian Grant and David Oppenheimer and Eric Brewer and John Wilkes},
    year  = {2016},
    URL = {http://queue.acm.org/detail.cfm?id=2898444},
    journal = {ACM Queue},
    pages = {70--93},
    volume  = {14}
}
% ==== /Kubernetes ====