% Benchmark

% ==== YCSB ====
% YCSB
@inproceedings{db:bench:ycsb,
  title={Benchmarking cloud serving systems with YCSB},
  author={Cooper, Brian F and Silberstein, Adam and Tam, Erwin and Ramakrishnan, Raghu and Sears, Russell},
  booktitle={Proceedings of the 1st ACM symposium on Cloud computing},
  pages={143--154},
  year={2010},
  organization={ACM}
}

% YCSB++
@inproceedings{db:bench:ycsb++,
  title={YCSB++: benchmarking and performance debugging advanced features in scalable table stores},
  author={Patil, Swapnil and Polte, Milo and Ren, Kai and Tantisiriroj, Wittawat and Xiao, Lin and L{\'o}pez, Julio and Gibson, Garth and Fuchs, Adam and Rinaldi, Billie},
  booktitle={Proceedings of the 2nd ACM Symposium on Cloud Computing},
  pages={9},
  year={2011},
  organization={ACM}
}
% ==== /YCSB ====

% ==== Oltpbench ====
% OLTPBench
% github: https://github.com/oltpbenchmark/oltpbench
@article{db:bench:oltpbench,
  title={Oltp-bench: An extensible testbed for benchmarking relational databases},
  author={Difallah, Djellel Eddine and Pavlo, Andrew and Curino, Carlo and Cudre-Mauroux, Philippe},
  journal={Proceedings of the VLDB Endowment},
  volume={7},
  number={4},
  pages={277--288},
  year={2013},
  publisher={VLDB Endowment}
}

@inproceedings{db:bench:oltpbench:benchmpress,
  title={BenchPress: Dynamic Workload Control in the OLTP-Bench Testbed},
  author={Van Aken, Dana and Difallah, Djellel E and Pavlo, Andrew and Curino, Carlo and Cudr{\'e}-Mauroux, Philippe},
  booktitle={Proceedings of the 2015 ACM SIGMOD International Conference on Management of Data},
  pages={1069--1073},
  year={2015},
  organization={ACM}
}
% ==== /Oltpbench ====
