% Recent researches

% ==== CMU DB ====
% ottertune 
% github: https://github.com/cmu-db/ottertune
@inproceedings{db:cmu:ottertune,
  title={Automatic database management system tuning through large-scale machine learning},
  author={Van Aken, Dana and Pavlo, Andrew and Gordon, Geoffrey J and Zhang, Bohan},
  booktitle={Proceedings of the 2017 ACM International Conference on Management of Data},
  pages={1009--1024},
  year={2017},
  organization={ACM}
}
% ==== /CMU DB ====