% Benchmark

@online{devops:bench:locust,
  title = {Locust},
  howpublished = {\url{https://github.com/locustio/locust}},
  note = {Accessed: 2018-03-31}
}