% Continous Integration

@online{devops:ci:jenkins,
  title = {Jenkins},
  howpublished = {\url{https://jenkins.io/}},
  note = {Accessed: 2018-03-31}
}


@online{devops:ci:travis,
  title = {Travis CI},
  howpublished = {\url{https://travis-ci.org}},
  note = {Accessed: 2018-03-31}
}