% Container

@online{devops:container:docker-compose,
  title = {Docker Compose},
  author = {Docker Inc.},
  howpublished = {\url{https://github.com/docker/compose}},
  note = {Accessed: 2018-03-31}
}

@online{devops:container:cadvisor,
  title = {cAdvisor},
  howpublished = {\url{https://github.com/google/cadvisor}},
  note = {Accessed: 2018-03-31}
}

% ==== Alibaba ====
@online{devops:container:alibaba:pouch,
  title = {Pouch},
  author = {Alibaba},
  howpublished = {\url{https://github.com/alibaba/pouch}},
  note = {Accessed: 2018-03-31}
}

@online{devops:container:alibaba:dragonfly,
  title = {Dragonfly},
  author = {Alibaba},
  howpublished = {\url{https://github.com/alibaba/dragonfly}},
  note = {Accessed: 2018-03-31}
}

% ==== /Alibaba ====
