% Kubernetes
% TODO: kuberntes itself is in distsys ...

@online{devops:k8s:appcontroller,
  title = {Kubernetes AppController},
  howpublished = {\url{https://github.com/Mirantis/k8s-AppController}},
  note = {Accessed: 2018-03-31}
}

