% Provisioning

@book{devops:provision:ansible,
  title={Ansible: Up and Running: Automating Configuration Management and Deployment the Easy Way},
  author={Hochstein, Lorin and Moser, Rene},
  year={2017},
  publisher={" O'Reilly Media, Inc."}
}

@online{devops:provision:terraform,
  title = {Terraform},
  author = {HashiCorp},
  howpublished = {\url{https://www.terraform.io/}},
  note = {Accessed: 2018-03-31}
}