% Tracing
% TODO: might put it in distsys?

@online{tracing:zipkin,
  title = {Open Zipkin},
  howpublished = {\url{https://zipkin.io/}},
  note = {Accessed: 2018-03-31}
}

@online{tracing:jaeger,
  title = {Uber Jaeger},
  howpublished = {\url{https://www.jaegertracing.io/}},
  note = {Accessed: 2018-03-31}
}

