% Workflow

% common workflow language 
% https://github.com/common-workflow-language/common-workflow-language
@article{workflow:cwl,
  title={Common Workflow Language, v1. 0},
  author={Amstutz, Peter and Crusoe, Michael R and Tijani{\'c}, Neboj{\v{s}}a and Chapman, Brad and Chilton, John and Heuer, Michael and Kartashov, Andrey and Leehr, Dan and M{\'e}nager, Herv{\'e} and Nedeljkovich, Maya and others},
  year={2016}
}

% reflow
% https://github.com/grailbio/reflow
@online{workflow:reflow,
  title = {Reflow},
  author = {GRAIL},
  howpublished = {\url{https://github.com/grailbio/reflow}},
  note = {Accessed: 2018-03-31}
}