% Apache
% stuff that are hard to categorize ...

@online{distsys:apache:arrow,
  title = {Apache Arrow},
  author = {Apache},
  howpublished = {\url{https://arrow.apache.org/}},
  note = {Accessed: 2018-03-31}
}


