% Consensus

@inproceedings{distsys:consensus:zookeeper,
  title={ZooKeeper: Wait-free Coordination for Internet-scale Systems.},
  author={Hunt, Patrick and Konar, Mahadev and Junqueira, Flavio Paiva and Reed, Benjamin},
  booktitle={USENIX annual technical conference},
  volume={8},
  number={9},
  year={2010},
  organization={Boston, MA, USA}
}

@article{distsys:consensus:paxos,
  title={Paxos made simple},
  author={Lamport, Leslie and others},
  journal={ACM Sigact News},
  volume={32},
  number={4},
  pages={18--25},
  year={2001}
}

% ==== raft ==== %
@inproceedings{distsys:consensus:raft,
  title={In search of an understandable consensus algorithm.},
  author={Ongaro, Diego and Ousterhout, John K},
  booktitle={USENIX Annual Technical Conference},
  pages={305--319},
  year={2014}
}

@online{distsys:consensus:raft:etcd,
  title = {etcd: a dirstibued key-value store using Raft},
  author = {CoreOS},
  howpublished = {\url{https://github.com/coreos/etcd/}},
  note = {Accessed: 2018-03-31}
}
% ==== /raft ==== %


@online{distsys:consensus:jepsen,
  title = {Jepsen: A framwork for distributed system verification, with fault injection},
  author = {Kyle Kingsbury},
  howpublished = {\url{https://jepsen.io/}},
  note = {Accessed: 2018-03-31}
}