% Performance optimization

@inproceedings{perf:google:vizier,
  title={Google vizier: A service for black-box optimization},
  author={Golovin, Daniel and Solnik, Benjamin and Moitra, Subhodeep and Kochanski, Greg and Karro, John and Sculley, D},
  booktitle={Proceedings of the 23rd ACM SIGKDD International Conference on Knowledge Discovery and Data Mining},
  pages={1487--1495},
  year={2017},
  organization={ACM}
}