% reproduce experiments

% === Popper ===
% Use DevOps tools to make system evaluation reproducible, i.e. Ansible, Docker etc.
@inproceedings{reproduce:popper,
  title={The popper convention: Making reproducible systems evaluation practical},
  author={Jimenez, Ivo and Sevilla, Michael and Watkins, Noah and Maltzahn, Carlos and Lofstead, Jay and Mohror, Kathryn and Arpaci-Dusseau, Andrea and Arpaci-Dusseau, Remzi},
  booktitle={Parallel and Distributed Processing Symposium Workshops (IPDPSW), 2017 IEEE International},
  pages={1561--1570},
  year={2017},
  organization={IEEE}
}
% === /Popper ===